@inproceedings{wu2019joint,
  title={Joint acne image grading and counting via label distribution learning},
  author={Wu, Xiaoping and Wen, Ni and Liang, Jie and Lai, Yu-Kun and She, Dongyu and Cheng, Ming-Ming and Yang, Jufeng},
  booktitle={Proceedings of the IEEE/CVF international conference on computer vision},
  pages={10642--10651},
  year={2019}
}

@article{https://doi.org/10.1046/j.1365-4362.1997.00099.x,
author = {Doshi, Amol and Zaheer, Ahmed and Stiller, Matthew J.},
title = {A comparison of current acne grading systems and proposal of a novel system},
journal = {International Journal of Dermatology},
volume = {36},
number = {6},
pages = {416-418},
doi = {https://doi.org/10.1046/j.1365-4362.1997.00099.x},
url = {https://onlinelibrary.wiley.com/doi/abs/10.1046/j.1365-4362.1997.00099.x},
eprint = {https://onlinelibrary.wiley.com/doi/pdf/10.1046/j.1365-4362.1997.00099.x},
year = {1997}
}