@article{chamberlain2021,
  title={{GRAND}: Graph Neural Diffusion},
  author={Chamberlain, B. P. and Rowbottom, J. and Gorinova, M. and Webb, S. and Rossi, E. and Bronstein, M. M.},
  journal={Proceedings of the $38^{th}$ International Conference on Machine Learning},
  volume={PMLR 139},
  number={},
  year={2021},
  publisher={}
}